<record><leader>00000cas a22000007a 4500</leader><controlfield tag="001">30457835</controlfield><controlfield tag="008">940518d190819uuokuwr ne      0    0eng d</controlfield><datafield ind1=" " ind2=" " tag="010"><subfield code="a">sn 94058835 </subfield></datafield><datafield ind1=" " ind2=" " tag="040"><subfield code="a">OBN</subfield><subfield code="b">eng</subfield><subfield code="c">OBN</subfield><subfield code="d">OCL</subfield><subfield code="d">OCLCQ</subfield><subfield code="d">OCLCF</subfield><subfield code="d">OCLCO</subfield></datafield><datafield ind1="1" ind2=" " tag="029"><subfield code="a">AU@</subfield><subfield code="b">000022803276</subfield></datafield><datafield ind1=" " ind2=" " tag="042"><subfield code="a">msc</subfield></datafield><datafield ind1=" " ind2=" " tag="043"><subfield code="a">n-us-ok</subfield></datafield><datafield ind1="0" ind2="4" tag="245"><subfield code="a">The Purcell call.</subfield></datafield><datafield ind1="3" ind2="0" tag="246"><subfield code="a">Purcell weekly call</subfield></datafield><datafield ind1=" " ind2=" " tag="260"><subfield code="a">Purcell, Okla. :</subfield><subfield code="b">T.J. Williams</subfield></datafield><datafield ind1=" " ind2=" " tag="300"><subfield code="a">v.</subfield></datafield><datafield ind1=" " ind2=" " tag="310"><subfield code="a">Weekly</subfield></datafield><datafield ind1="1" ind2=" " tag="362"><subfield code="a">Began in 1908.</subfield></datafield><datafield ind1=" " ind2=" " tag="588"><subfield code="a">Description based on: Vol. 1, no. 11 (Mar. 20, 1908).</subfield></datafield><datafield ind1=" " ind2="0" tag="651"><subfield code="a">Purcell (Okla.)</subfield><subfield code="v">Newspapers.</subfield></datafield><datafield ind1=" " ind2="0" tag="651"><subfield code="a">McClain County (Okla.)</subfield><subfield code="v">Newspapers.</subfield></datafield><datafield ind1=" " ind2="7" tag="655"><subfield code="a">Newspapers.</subfield><subfield code="2">fast</subfield><subfield code="0">(OCoLC)fst01423814</subfield></datafield><datafield ind1=" " ind2="7" tag="651"><subfield code="a">Oklahoma</subfield><subfield code="z">McClain County.</subfield><subfield code="2">fast</subfield><subfield code="0">(OCoLC)fst01206613</subfield></datafield><datafield ind1=" " ind2="7" tag="651"><subfield code="a">Oklahoma</subfield><subfield code="z">Purcell.</subfield><subfield code="2">fast</subfield><subfield code="0">(OCoLC)fst01221701</subfield></datafield><datafield ind1=" " ind2=" " tag="752"><subfield code="a">United States</subfield><subfield code="b">Oklahoma</subfield><subfield code="c">McClain</subfield><subfield code="d">Purcell.</subfield></datafield><datafield ind1="0" ind2="0" tag="780"><subfield code="t">Purcell tribune</subfield><subfield code="w">(DLC)sn 94058834</subfield><subfield code="w">(OCoLC)30457782</subfield></datafield><datafield ind1="0" ind2="4" tag="785"><subfield code="t">Atoka miracle</subfield><subfield code="w">(DLC)sn 93065934</subfield><subfield code="w">(OCoLC)27318630</subfield></datafield></record>